<record><leader>00000cas a2200000 a 4500</leader><controlfield tag="001">10238066</controlfield><controlfield tag="008">831220d18511854riuwr ne      0    0eng c</controlfield><datafield ind1=" " ind2=" " tag="010"><subfield code="a">sn 83021532 </subfield></datafield><datafield ind1=" " ind2=" " tag="040"><subfield code="a">NPX</subfield><subfield code="b">eng</subfield><subfield code="c">NPX</subfield><subfield code="d">RHN</subfield><subfield code="d">OCL</subfield><subfield code="d">RHN</subfield><subfield code="d">OCL</subfield><subfield code="d">CUI</subfield><subfield code="d">OCLCQ</subfield><subfield code="d">OCLCF</subfield></datafield><datafield ind1=" " ind2=" " tag="019"><subfield code="a">10238135</subfield></datafield><datafield ind1=" " ind2=" " tag="042"><subfield code="a">pcc</subfield></datafield><datafield ind1=" " ind2=" " tag="043"><subfield code="a">n-us-ri</subfield></datafield><datafield ind1=" " ind2="4" tag="050"><subfield code="a">AN</subfield></datafield><datafield ind1="0" ind2="4" tag="245"><subfield code="a">The Literary echo, and Pawcatuck advertiser.</subfield></datafield><datafield ind1="3" ind2="0" tag="246"><subfield code="a">Literary echo &amp; Pawcatuck advertiser</subfield></datafield><datafield ind1=" " ind2=" " tag="260"><subfield code="a">Westerly, R.I. :</subfield><subfield code="b">Champlin &amp; Babcock</subfield></datafield><datafield ind1=" " ind2=" " tag="300"><subfield code="a">v.</subfield></datafield><datafield ind1=" " ind2=" " tag="310"><subfield code="a">Weekly</subfield></datafield><datafield ind1="0" ind2=" " tag="362"><subfield code="a">Vol. 1, no. 22 (Aug. 28, 1851)-v. 4, no. 11 (June 15, 1854).</subfield></datafield><datafield ind1=" " ind2=" " tag="500"><subfield code="a">Published as: Literary echo &amp; Pawcatuck advertiser, Apr. 7, 1853-June 15, 1854.</subfield></datafield><datafield ind1=" " ind2=" " tag="500"><subfield code="a">Illustration, Feb. 3, 1853: New York Crystal Palace for the Exhibition of the Industry of all Nations.</subfield></datafield><datafield ind1=" " ind2=" " tag="515"><subfield code="a">Vol. 2, no. 1 (Apr. 1, 1852)-v. 4, no. 11 (June 15, 1854) called also whole no. 53-whole no. 168.</subfield></datafield><datafield ind1=" " ind2="0" tag="651"><subfield code="a">Westerly (R.I. : Town)</subfield><subfield code="v">Newspapers.</subfield></datafield><datafield ind1=" " ind2="0" tag="651"><subfield code="a">Washington County (R.I.)</subfield><subfield code="v">Newspapers.</subfield></datafield><datafield ind1=" " ind2="7" tag="655"><subfield code="a">Newspapers.</subfield><subfield code="2">fast</subfield><subfield code="0">(OCoLC)fst01423814</subfield></datafield><datafield ind1=" " ind2="7" tag="651"><subfield code="a">Rhode Island</subfield><subfield code="z">Washington County.</subfield><subfield code="2">fast</subfield><subfield code="0">(OCoLC)fst01214421</subfield></datafield><datafield ind1=" " ind2="7" tag="651"><subfield code="a">Rhode Island</subfield><subfield code="z">Westerly (Town)</subfield><subfield code="2">fast</subfield><subfield code="0">(OCoLC)fst01331679</subfield></datafield><datafield ind1=" " ind2=" " tag="752"><subfield code="a">United States</subfield><subfield code="b">Rhode Island</subfield><subfield code="c">Washington</subfield><subfield code="d">Westerly.</subfield></datafield><datafield ind1="0" ind2="0" tag="780"><subfield code="t">Literary echo (Westerly, R.I.)</subfield><subfield code="w">(DLC)sn 92064003</subfield><subfield code="w">(OCoLC)25480665</subfield></datafield><datafield ind1="0" ind2="0" tag="785"><subfield code="t">Westerly echo, &amp; Pawcatuck advertiser</subfield><subfield code="w">(DLC)sn 83021534</subfield><subfield code="w">(OCoLC)10238218</subfield></datafield></record>